@techreport{tcg-opal2,
type = {Standard},
% key = {ISO 13586:2000(E)},
month = jan,
year = {2022},
title = {{TCG Storage Security Subsystem Class: Opal}},
version = {2.02},
institution = {Trusted Computing Group},
url = {https://trustedcomputinggroup.org/resource/storage-work-group-storage-security-subsystem-class-opal}
}

@techreport{tcg-storage-core,
title = {{TCG Storage Architecture Core Specification}},
url = {https://trustedcomputinggroup.org/resource/tcg-storage-architecture-core-specification}
}

@techreport{tcg-opalite,
title = {{TCG Storage Security Subsystem Class: Opalite Specification}},
url = {https://trustedcomputinggroup.org/resource/tcg-storage-security-subsystem-class-opalite}
}

@techreport{tcg-pyrite,
title = {{TCG Storage Security Subsystem Class: Pyrite Specification}},
url = {https://trustedcomputinggroup.org/resource/tcg-storage-security-subsystem-class-pyrite}
}

@techreport{tcg-ruby,
title = {{TCG Storage Security Subsystem Class: Ruby Specification}},
url = {https://trustedcomputinggroup.org/resource/tcg-storage-security-subsystem-class-ruby-specification/}
}

@manual{linux-doc-inline,
  title = {Inline Encryption},
  author = {
    Eric Biggers and
    Satya Tangirala
  },
  file = {Documentation/block/inline-encryption.rst},
  url = {https://kernel.org/doc/html/v5.17/block/inline-encryption.html},
  year = {2021}
}

@report{sed-vulnerabilities,
title = {Self-Encrypting Disks pose Self-Decrypting Risks},
subtitle = {How to break Hardware-based Full Disk Encryption},
author = {
Tilo MÃ¼ller and Tobias Latzo and Felix C. Freiling
},
url = {https://faui1-files.cs.fau.de/filepool/projects/sed/seds-at-risks.pdf},
}
